<?xml version="1.0" encoding="UTF-8"?>
<record xmlns="http://www.loc.gov/MARC21/slim">
   <leader>02689cas a2200589 a 4500</leader>
   <controlfield tag="001">1799888</controlfield>
   <controlfield tag="008">961104c19969999abcuu        s0     eng d</controlfield>
   <datafield tag="035" ind1=" " ind2=" ">
      <subfield code="a">ocn462121041</subfield>
   </datafield>
   <datafield tag="040" ind1=" " ind2=" ">
      <subfield code="a">AEU</subfield>
      <subfield code="b">eng</subfield>
      <subfield code="d">AEE</subfield>
   </datafield>
   <datafield tag="043" ind1=" " ind2=" ">
      <subfield code="a">n-cn-ab</subfield>
   </datafield>
   <datafield tag="055" ind1=" " ind2="3">
      <subfield code="a">LB 3054</subfield>
      <subfield code="b">C22 A3 gr.12 M383 D57</subfield>
   </datafield>
   <datafield tag="090" ind1=" " ind2=" ">
      <subfield code="a">LB 3054 C22 A3 gr.12 M383 D57</subfield>
      <subfield code="b">AEU</subfield>
   </datafield>
   <datafield tag="090" ind1=" " ind2=" ">
      <subfield code="a">UNCLASS</subfield>
      <subfield code="b">AEE</subfield>
   </datafield>
   <datafield tag="240" ind1="0" ind2="0">
      <subfield code="a">Diploma examination results examiners' report for ...</subfield>
   </datafield>
   <datafield tag="245" ind1="0" ind2="0">
      <subfield code="a">Diploma examination results examiners' report for ... Mathematics 33</subfield>
      <subfield code="p">Mathematics 33.</subfield>
   </datafield>
   <datafield tag="246" ind1="3" ind2="0">
      <subfield code="a">Mathematics 33.</subfield>
   </datafield>
   <datafield tag="246" ind1="2" ind2=" ">
      <subfield code="a">Mathematics 33 diploma examination results examiners' report for ...</subfield>
   </datafield>
   <datafield tag="246" ind1="1" ind2="3">
      <subfield code="a">Examination manager's report.</subfield>
   </datafield>
   <datafield tag="260" ind1=" " ind2=" ">
      <subfield code="a">Edmonton :</subfield>
      <subfield code="b">Alberta Education,</subfield>
      <subfield code="c">c1996-</subfield>
   </datafield>
   <datafield tag="300" ind1=" " ind2=" ">
      <subfield code="a">v. :</subfield>
      <subfield code="b">ill. ;</subfield>
      <subfield code="c">28 cm.</subfield>
   </datafield>
   <datafield tag="336" ind1=" " ind2=" ">
      <subfield code="a">text</subfield>
      <subfield code="b">txt</subfield>
      <subfield code="2">rdacontent</subfield>
   </datafield>
   <datafield tag="337" ind1=" " ind2=" ">
      <subfield code="a">unmediated</subfield>
      <subfield code="b">n</subfield>
      <subfield code="2">rdamedia</subfield>
   </datafield>
   <datafield tag="338" ind1=" " ind2=" ">
      <subfield code="a">volume</subfield>
      <subfield code="b">nc</subfield>
      <subfield code="2">rdacarrier</subfield>
   </datafield>
   <datafield tag="362" ind1="0" ind2=" ">
      <subfield code="a">Jan. 1996-</subfield>
   </datafield>
   <datafield tag="500" ind1=" " ind2=" ">
      <subfield code="a">Title from caption.</subfield>
   </datafield>
   <datafield tag="550" ind1=" " ind2=" ">
      <subfield code="a">Issued by: Student Evaluation Branch.</subfield>
   </datafield>
   <datafield tag="596" ind1=" " ind2=" ">
      <subfield code="a">2 38 41</subfield>
   </datafield>
   <datafield tag="650" ind1=" " ind2="0">
      <subfield code="a">Mathematics</subfield>
      <subfield code="z">Alberta</subfield>
      <subfield code="x">Examinations</subfield>
      <subfield code="v">Statistics</subfield>
      <subfield code="v">Periodicals.</subfield>
   </datafield>
   <datafield tag="650" ind1=" " ind2="0">
      <subfield code="a">Examinations</subfield>
      <subfield code="z">Alberta</subfield>
      <subfield code="v">Statistics</subfield>
      <subfield code="v">Periodicals.</subfield>
   </datafield>
   <datafield tag="710" ind1="1" ind2=" ">
      <subfield code="a">Alberta.</subfield>
      <subfield code="b">Alberta Education.</subfield>
   </datafield>
   <datafield tag="710" ind1="1" ind2=" ">
      <subfield code="a">Alberta.</subfield>
      <subfield code="b">Student Evaluation Branch.</subfield>
   </datafield>
   <datafield tag="940" ind1=" " ind2=" ">
      <subfield code="a">NO EJOURNAL HOLDINGS</subfield>
   </datafield>
   <datafield tag="926" ind1=" " ind2=" ">
      <subfield code="a">AGL_CAP</subfield>
      <subfield code="b">SPECIALCOL</subfield>
      <subfield code="c">Library has holdings</subfield>
      <subfield code="d">PERIODICAL</subfield>
      <subfield code="f">1</subfield>
   </datafield>
   <datafield tag="926" ind1=" " ind2=" ">
      <subfield code="a">UABARD</subfield>
      <subfield code="b">ON_SHELF</subfield>
      <subfield code="c">LB 3054 C22 A3 gr.12 M383 D57 1996:Jan</subfield>
      <subfield code="d">BOOK</subfield>
      <subfield code="f">1</subfield>
   </datafield>
   <datafield tag="926" ind1=" " ind2=" ">
      <subfield code="a">UABARD</subfield>
      <subfield code="b">ON_SHELF</subfield>
      <subfield code="c">LB 3054 C22 A3 gr.12 M383 D57 1996:June</subfield>
      <subfield code="d">BOOK</subfield>
      <subfield code="f">1</subfield>
   </datafield>
   <datafield tag="926" ind1=" " ind2=" ">
      <subfield code="a">UABARD</subfield>
      <subfield code="b">ON_SHELF</subfield>
      <subfield code="c">LB 3054 C22 A3 gr.12 M383 D57 1997:Jan</subfield>
      <subfield code="d">BOOK</subfield>
      <subfield code="f">1</subfield>
   </datafield>
   <datafield tag="926" ind1=" " ind2=" ">
      <subfield code="a">UABARD</subfield>
      <subfield code="b">ON_SHELF</subfield>
      <subfield code="c">LB 3054 C22 A3 gr.12 M383 D57 1997:June</subfield>
      <subfield code="d">BOOK</subfield>
      <subfield code="f">1</subfield>
   </datafield>
   <datafield tag="926" ind1=" " ind2=" ">
      <subfield code="a">UABARD</subfield>
      <subfield code="b">ON_SHELF</subfield>
      <subfield code="c">LB 3054 C22 A3 gr.12 M383 D57 1998:Jan</subfield>
      <subfield code="d">BOOK</subfield>
      <subfield code="f">1</subfield>
   </datafield>
   <datafield tag="926" ind1=" " ind2=" ">
      <subfield code="a">UABARD</subfield>
      <subfield code="b">ON_SHELF</subfield>
      <subfield code="c">LB 3054 C22 A3 gr.12 M383 D57 1998:June</subfield>
      <subfield code="d">BOOK</subfield>
      <subfield code="f">1</subfield>
   </datafield>
   <datafield tag="926" ind1=" " ind2=" ">
      <subfield code="a">UAEDUC</subfield>
      <subfield code="b">LIBUSE</subfield>
      <subfield code="c">LB 3054 C22 A3 gr.12 M383 D57 1996:Jan</subfield>
      <subfield code="d">BOOK</subfield>
      <subfield code="e">NEVER</subfield>
      <subfield code="f">2</subfield>
   </datafield>
   <datafield tag="926" ind1=" " ind2=" ">
      <subfield code="a">UAEDUC</subfield>
      <subfield code="b">FLOOR_2</subfield>
      <subfield code="c">LB 3054 C22 A3 gr.12 M383 D57 1996:June</subfield>
      <subfield code="d">BOOK</subfield>
      <subfield code="f">2</subfield>
   </datafield>
   <datafield tag="926" ind1=" " ind2=" ">
      <subfield code="a">UAEDUC</subfield>
      <subfield code="b">FLOOR_2</subfield>
      <subfield code="c">LB 3054 C22 A3 gr.12 M383 D57 1997:Jan</subfield>
      <subfield code="d">BOOK</subfield>
      <subfield code="f">2</subfield>
   </datafield>
   <datafield tag="926" ind1=" " ind2=" ">
      <subfield code="a">UAEDUC</subfield>
      <subfield code="b">FLOOR_2</subfield>
      <subfield code="c">LB 3054 C22 A3 gr.12 M383 D57 1997:June</subfield>
      <subfield code="d">BOOK</subfield>
      <subfield code="f">2</subfield>
   </datafield>
   <datafield tag="926" ind1=" " ind2=" ">
      <subfield code="a">UAEDUC</subfield>
      <subfield code="b">FLOOR_2</subfield>
      <subfield code="c">LB 3054 C22 A3 gr.12 M383 D57 1998:Jan</subfield>
      <subfield code="d">BOOK</subfield>
      <subfield code="f">2</subfield>
   </datafield>
   <datafield tag="926" ind1=" " ind2=" ">
      <subfield code="a">UAEDUC</subfield>
      <subfield code="b">FLOOR_2</subfield>
      <subfield code="c">LB 3054 C22 A3 gr.12 M383 D57 1998:June</subfield>
      <subfield code="d">BOOK</subfield>
      <subfield code="f">2</subfield>
   </datafield>
   <datafield tag="926" ind1=" " ind2=" ">
      <subfield code="a">UAEDUC</subfield>
      <subfield code="b">FLOOR_2</subfield>
      <subfield code="c">LB 3054 C22 A3 gr.12 M383 D57 1999:Jan</subfield>
      <subfield code="d">BOOK</subfield>
      <subfield code="f">1</subfield>
   </datafield>
   <datafield tag="926" ind1=" " ind2=" ">
      <subfield code="a">UAEDUC</subfield>
      <subfield code="b">FLOOR_2</subfield>
      <subfield code="c">LB 3054 C22 A3 gr.12 M383 D57 1999:June</subfield>
      <subfield code="d">BOOK</subfield>
      <subfield code="f">1</subfield>
   </datafield>
   <datafield tag="927" ind1=" " ind2=" ">
      <subfield code="a">AGL_CAP</subfield>
   </datafield>
   <datafield tag="927" ind1=" " ind2=" ">
      <subfield code="b">Location</subfield>
      <subfield code="c">SPECIALCOL-- Shelved by title;-- Note:Incomplete holdings. </subfield>
   </datafield>
   <datafield tag="927" ind1=" " ind2=" ">
      <subfield code="b">Library has</subfield>
      <subfield code="c">(1996)-(2001).</subfield>
   </datafield>
   <datafield tag="927" ind1=" " ind2=" ">
      <subfield code="a">UAEDUC</subfield>
   </datafield>
   <datafield tag="927" ind1=" " ind2=" ">
      <subfield code="b">Location</subfield>
      <subfield code="c">FLOOR_2-- LB 3054 C22 A3 gr.12 M383 D57</subfield>
   </datafield>
   <datafield tag="927" ind1=" " ind2=" ">
      <subfield code="b">Library has</subfield>
      <subfield code="c">1996-</subfield>
   </datafield>
</record>
